<?xml version="1.0" encoding="UTF-8"?><collection xmlns="http://www.loc.gov/MARC21/slim"><record><leader>00400nam--2200145-i-4500</leader><controlfield tag="001">000011963</controlfield><controlfield tag="002">20161230</controlfield><controlfield tag="005">20161230201029</controlfield><controlfield tag="008">060222s1000------------r-----000-0-eng-d</controlfield><datafield ind1=" " ind2=" " tag="080"><subfield code="a">542.1:541.28</subfield></datafield><datafield ind1=" " ind2=" " tag="100"><subfield code="a">Cesarano, Catello</subfield></datafield><datafield ind1=" " ind2=" " tag="245"><subfield code="a">Hot laboratories for post irradiation examinat ion</subfield></datafield><datafield ind1=" " ind2=" " tag="260"><subfield code="a">Roma, Comitato Nazionale Energia Nucleare,1976 95 P</subfield></datafield><datafield ind1=" " ind2=" " tag="490"><subfield code="a">Serie Trattati</subfield></datafield><datafield ind1=" " ind2=" " tag="852"><subfield code="a">44329</subfield></datafield></record></collection>